@article{McCreesh:2013,
    author={McCreesh, Ciaran and Prosser, Patrick},
    TITLE = {Multi-Threading a State-of-the-Art Maximum Clique Algorithm},
    JOURNAL = {Algorithms},
    VOLUME = {6},
    YEAR = {2013},
    NUMBER = {4},
    PAGES = {618--635},
    URL = {http://www.mdpi.com/1999-4893/6/4/618},
    ISSN = {1999-4893},
    DOI = {10.3390/a6040618}
}

@article{McCreesh:2014.parallel,
    author={McCreesh, Ciaran and Prosser, Patrick},
    title = {The Shape of the Search Tree for the Maximum Clique Problem, and the Implications for Parallel Branch and Bound},
    journal = {ArXiv e-prints},
    archivePrefix = "arXiv",
    eprint = {1401.5921},
    primaryClass = "cs.DC",
    keywords = {Computer Science - Distributed, Parallel, and Cluster Computing},
    year = 2014,
    month = jan,
    adsurl = {http://adsabs.harvard.edu/abs/2014arXiv1401.5921M},
    adsnote = {Provided by the SAO/NASA Astrophysics Data System}
}

@incollection{McCreesh:2014.biclique,
    year={2014},
    isbn={978-3-319-07045-2},
    booktitle={Integration of AI and OR Techniques in Constraint Programming},
    volume={8451},
    series={Lecture Notes in Computer Science},
    editor={Simonis, Helmut},
    doi={10.1007/978-3-319-07046-9_16},
    title={An Exact Branch and Bound Algorithm with Symmetry Breaking for the Maximum Balanced Induced Biclique Problem},
    url={http://dx.doi.org/10.1007/978-3-319-07046-9_16},
    publisher={Springer International Publishing},
    author={McCreesh, Ciaran and Prosser, Patrick},
    pages={226-234}
}

@article{Carrabs:2014,
    title = "A Mathematical Programming Approach for the Maximum Labeled Clique Problem",
    journal = "Procedia - Social and Behavioral Sciences",
    volume = "108",
    number = "0",
    pages = "69 - 78",
    year = "2014",
    issn = "1877-0428",
    doi = "http://dx.doi.org/10.1016/j.sbspro.2013.12.821",
    url = "http://www.sciencedirect.com/science/article/pii/S187704281305461X",
    author = "Francesco Carrabs and Raffaele Cerulli and Paolo Dell'Olmo",
    keywords = "Clique",
    keywords = "Labeled Graph",
    keywords = "Colored Graph",
    keywords = "Mathematical Models "
}

@incollection{Bergman:2014,
    year={2014},
    isbn={978-3-319-07045-2},
    booktitle={Integration of AI and OR Techniques in Constraint Programming},
    volume={8451},
    series={Lecture Notes in Computer Science},
    editor={Simonis, Helmut},
    doi={10.1007/978-3-319-07046-9_25},
    title={Parallel Combinatorial Optimization with Decision Diagrams},
    url={http://dx.doi.org/10.1007/978-3-319-07046-9_25},
    publisher={Springer International Publishing},
    author={Bergman, David and Cire, Andre A. and Sabharwal, Ashish and Samulowitz, Horst and Saraswat, Vijay and Hoeve, Willem-Jan},
    pages={351-367}
}

@inproceedings{Xiang:2013,
    author={Jingen Xiang and Cong Guo and Aboulnaga, A.},
    booktitle={Data Engineering (ICDE), 2013 IEEE 29th International Conference on},
    title={Scalable maximum clique computation using {MapReduce}},
    year={2013},
    pages={74-85},
    doi={10.1109/ICDE.2013.6544815},
    ISSN={1063-6382}
}

@article{Jarvisalo:2012,
    title={The international {SAT} solver competitions},
    author={J{\"a}rvisalo, Matti and Le Berre, Daniel and Roussel, Olivier and Simon, Laurent},
    journal={AI Magazine},
    volume={33},
    number={1},
    pages={89--92},
    year={2012}
}

@inproceedings{Tomita:2003,
    author={Tomita, Etsuji and Seki, Tomokazu},
    title={An efficient branch-and-bound algorithm for finding a maximum clique},
    booktitle={Proceedings of the 4th international conference on Discrete mathematics and theoretical computer science},
    series={DMTCS'03},
    year={2003},
    isbn={3-540-40505-4},
    location={Dijon, France},
    pages={278--289},
    url={http://dl.acm.org/citation.cfm?id=1783712.1783736},
    acmid={1783736},
    publisher={Springer-Verlag},
    address={Berlin, Heidelberg}
}

@article{Tomita:2007,
    title={An efficient branch-and-bound algorithm for finding a maximum clique with computational experiments},
    author={Tomita, E. and Kameda, T.},
    journal={Journal of Global Optimization},
    volume={37},
    number={1},
    pages={95--111},
    year={2007},
    publisher={Springer}
}

@incollection{Tomita:2010,
    year={2010},
    isbn={978-3-642-11439-7},
    booktitle={WALCOM: Algorithms and Computation},
    volume={5942},
    series={Lecture Notes in Computer Science},
    editor={Rahman, Md. Saidur and Fujita, Satoshi},
    doi={10.1007/978-3-642-11440-3_18},
    title={A Simple and Faster Branch-and-Bound Algorithm for Finding a Maximum Clique},
    url={http://dx.doi.org/10.1007/978-3-642-11440-3_18},
    publisher={Springer Berlin Heidelberg},
    address={Berlin, Heidelberg},
    author={Tomita, Etsuji and Sutani, Yoichi and Higashi, Takanori and Takahashi, Shinya and Wakatsuki, Mitsuo},
    pages={191-203}
}

@article{SanSegundo:2011,
    author={San Segundo, Pablo and Rodr\'{\i}guez-Losada, Diego and Jim{\'e}nez, Agust\'{\i}n},
    title={An exact bit-parallel algorithm for the maximum clique problem},
    journal={Comput. Oper. Res.},
    issue_date={February, 2011},
    volume={38},
    number={2},
    month = feb,
    year={2011},
    issn={0305-0548},
    pages={571--581},
    url={http://dx.doi.org/10.1016/j.cor.2010.07.019},
    doi={10.1016/j.cor.2010.07.019},
    acmid={1860369},
    publisher={Elsevier Science Ltd.},
    address={Oxford, UK, UK},
}

@article{SanSegundo:2013,
    year={2013},
    issn={1862-4472},
    journal={Optimization Letters},
    volume={7},
    number={3},
    doi={10.1007/s11590-011-0431-y},
    title={An improved bit parallel exact maximum clique algorithm},
    url={http://dx.doi.org/10.1007/s11590-011-0431-y},
    publisher={Springer-Verlag},
    address={Berlin, Heidelberg},
    keywords={Maximum clique; Branch and bound; Exact search; Graph},
    author={San Segundo, Pablo and Matia, Fernando and Rodriguez-Losada, Diego and Hernando, Miguel},
    pages={467-479}
}

@article{Prosser:2012,
    author={Prosser, Patrick},
    title={Exact algorithms for maximum clique: a computational study},
    journal={Algorithms},
    volume={5},
    year={2012},
    number={4},
    pages={545--587},
    url={http://www.mdpi.com/1999-4893/5/4/545},
    issn={1999-4893},
    doi={10.3390/a5040545}
}

@article{Depolli:2013,
    author = {Depolli, Matja\v{z} and Konc, Janez and Rozman, Kati and Trobec, Roman and Jane\v{z}i\v{c}, Du\v{s}anka},
    title = {Exact Parallel Maximum Clique Algorithm for General and Protein Graphs},
    journal = {Journal of Chemical Information and Modeling},
    volume = {53},
    number = {9},
    pages = {2217-2228},
    year = {2013},
    doi = {10.1021/ci4002525},
    URL = {http://pubs.acs.org/doi/abs/10.1021/ci4002525},
    eprint = {http://pubs.acs.org/doi/pdf/10.1021/ci4002525}
}

@inproceedings{Li:2011,
    author = {Li, Chu-Min and Zhu, Zhu and Many\`{a}, Felip and Simon, Laurent},
    title = {Minimum Satisfiability and Its Applications},
    booktitle = {Proceedings of the Twenty-Second International Joint Conference on Artificial Intelligence - Volume Volume One},
    series = {IJCAI'11},
    year = {2011},
    isbn = {978-1-57735-513-7},
    location = {Barcelona, Catalonia, Spain},
    pages = {605--610},
    url = {http://dx.doi.org/10.5591/978-1-57735-516-8/IJCAI11-108},
    doi = {10.5591/978-1-57735-516-8/IJCAI11-108},
    acmid = {2283495},
    publisher = {AAAI Press},
    address = {Palo Alto, CA, USA}
}

@article{Butenko:2006,
    author={Butenko, Sergiy and Wilhelm, Wilbert E.},
    title={Clique-detection models in computational biochemistry and genomics},
    journal={European Journal of Operational Research},
    volume={173},
    number={1},
    pages={1--17},
    year={2006},
    doi={10.1016/j.ejor.2005.05.026},
}

@article{Bomze:1999,
    author={Bomze, Immanuel M. and Budinich, Marco and Pardalos, Panos M. and Pelillo, Marcello},
    title={The maximum clique problem},
    journal={Handbook of Combinatorial Optimization (Supplement Volume A)},
    volume={4},
    pages={1--74},
    editor={Du, D.-Z. and Pardalos, Panos M.},
    publisher={Kluwer Academic Publishers},
    city={Boston, MA},
    year={1999},
    url={http://citeseerx.ist.psu.edu/viewdoc/summary?doi=10.1.1.56.6221},
}

@incollection{Pelillo:1998,
    year={1998},
    isbn={978-3-540-64613-6},
    booktitle={Computer Vision - ECCV'98},
    volume={1407},
    series={Lecture Notes in Computer Science},
    editor={Burkhardt, Hans and Neumann, Bernd},
    doi={10.1007/BFb0054730},
    title={Matching hierarchical structures using association graphs},
    url={http://dx.doi.org/10.1007/BFb0054730},
    publisher={Springer Berlin Heidelberg},
    author={Pelillo, Marcello and Siddiqi, Kaleem and Zucker, Steven W.},
    pages={3-16}
}

@inproceedings{Okubo:2006,
    author = {Okubo, Yoshiaki and Haraguchi, Makoto},
    title = {Finding Conceptual Document Clusters with Improved Top-N Formal Concept Search},
    booktitle = {Proceedings of the 2006 IEEE/WIC/ACM International Conference on Web Intelligence},
    series = {WI '06},
    year = {2006},
    isbn = {0-7695-2747-7},
    pages = {347--351},
    numpages = {5},
    url = {http://dx.doi.org/10.1109/WI.2006.81},
    doi = {10.1109/WI.2006.81},
    acmid = {1249139},
    publisher = {IEEE Computer Society},
    address = {Washington, DC, USA},
}

@article{Regula:2013,
    title={Formation Control of Quadrotor Helicopters with Guaranteed Collision Avoidance via Safe Path},
    author={Regula, Gergely and Lantos, B{\'e}la},
    journal={Electrical Engineering and Computer Science},
    volume={56},
    number={4},
    pages={113--124},
    year={2013}
}

@book{Hromkovic:2001,
    title={Algorithmics for Hard Computing Problems: Introduction to Combinatorial Optimization, Randomization, Approximation, and Heuristics},
    author={Hromkovi{\v{c}}, J.},
    isbn={9783540668602},
    lccn={2001031301},
    series={Texts in theoretical computer science : an EATCS series},
    year={2001},
    publisher={Springer Verlag}
}

@book{Garey:1979,
    author = {Garey, Michael R. and Johnson, David S.},
    title = {Computers and Intractability: A Guide to the Theory of {NP}-Completeness},
    year = {1979},
    isbn = {0716710447},
    publisher = {W. H. Freeman \& Co.},
    address = {New York, NY, USA},
}

@article{Luce:1950,
    year={1950},
    issn={0033-3123},
    journal={Psychometrika},
    volume={15},
    number={2},
    doi={10.1007/BF02289199},
    title={Connectivity and generalized cliques in sociometric group structure},
    publisher={Springer-Verlag},
    author={Luce, R. Duncan},
    pages={169-190}
}

@article{Bourjolly:2002,
    title = "An exact algorithm for the maximum k-club problem in an undirected graph ",
    journal = "European Journal of Operational Research ",
    volume = "138",
    number = "1",
    pages = "21 - 28",
    year = "2002",
    note = "",
    issn = "0377-2217",
    doi = "http://dx.doi.org/10.1016/S0377-2217(01)00133-3",
    url = "http://www.sciencedirect.com/science/article/pii/S0377221701001333",
    author = "Jean-Marie Bourjolly and Gilbert Laporte and Gilles Pesant"
}

@article{Mokken:1979,
    year={1979},
    issn={0033-5177},
    journal={Quality and Quantity},
    volume={13},
    number={2},
    doi={10.1007/BF00139635},
    title={Cliques, clubs and clans},
    publisher={Kluwer Academic Publishers},
    author={Mokken, Robert J.},
    pages={161-173}
}

@incollection{Shahinpour:2013,
    year={2013},
    isbn={978-1-4614-8587-2},
    booktitle={Models, Algorithms, and Technologies for Network Analysis},
    volume={59},
    series={Springer Proceedings in Mathematics \& Statistics},
    editor={Goldengorin, Boris I. and Kalyagin, Valery A. and Pardalos, Panos M.},
    doi={10.1007/978-1-4614-8588-9_10},
    title={Distance-Based Clique Relaxations in Networks: s-Clique and s-Club},
    publisher={Springer New York},
    keywords={Clique relaxations; s-Clique; s-Club; Maximum clique},
    author={Shahinpour, Shahram and Butenko, Sergiy},
    pages={149-174}
}

@article{Bourjolly:2000,
    title = "Heuristics for finding k-clubs in an undirected graph",
    journal = "Computers \& Operations Research",
    volume = "27",
    number = "6",
    pages = "559 - 569",
    year = "2000",
    note = "",
    issn = "0305-0548",
    doi = "http://dx.doi.org/10.1016/S0305-0548(99)00047-7",
    url = "http://www.sciencedirect.com/science/article/pii/S0305054899000477",
    author = "Jean-Marie Bourjolly and Gilbert Laporte and Gilles Pesant",
    keywords = "Heuristics "
}

@incollection{Hartung:2012,
    year={2012},
    isbn={978-3-642-33292-0},
    booktitle={Parameterized and Exact Computation},
    volume={7535},
    series={Lecture Notes in Computer Science},
    editor={Thilikos, Dimitrios M. and Woeginger, Gerhard J.},
    doi={10.1007/978-3-642-33293-7_22},
    title={Parameterized Algorithmics and Computational Experiments for Finding 2-Clubs},
    url={http://dx.doi.org/10.1007/978-3-642-33293-7_22},
    publisher={Springer Berlin Heidelberg},
    author={Hartung, Sepp and Komusiewicz, Christian and Nichterlein, Andr{\'e}},
    pages={231-241}
}

@article{Mahdavi:2012,
    title = "On inclusionwise maximal and maximum cardinality k-clubs in graphs ",
    journal = "Discrete Optimization ",
    volume = "9",
    number = "2",
    pages = "84 - 97",
    year = "2012",
    note = "",
    issn = "1572-5286",
    doi = "http://dx.doi.org/10.1016/j.disopt.2012.02.002",
    url = "http://www.sciencedirect.com/science/article/pii/S1572528612000163",
    author = "F. {Mahdavi Pajouh} and B. Balasundaram",
    keywords = "Clique",
    keywords = "k -club",
    keywords = "Exact combinatorial algorithms",
    keywords = "Graph-based data mining",
    keywords = "Social network analysis "
}

@article{Wotzlaw:2014,
    author = {{Wotzlaw}, A.},
    title = {On Solving the Maximum $k$-club Problem},
    journal = {ArXiv e-prints},
    archivePrefix = "arXiv",
    eprint = {1403.5111},
    primaryClass = "cs.DS",
    keywords = {Computer Science - Data Structures and Algorithms, Computer Science - Logic in Computer Science},
    year = 2014,
    month = mar,
    adsurl = {http://adsabs.harvard.edu/abs/2014arXiv1403.5111W},
    adsnote = {Provided by the SAO/NASA Astrophysics Data System}
}

@article{Chang:2013,
    year={2013},
    issn={0010-485X},
    journal={Computing},
    volume={95},
    number={9},
    doi={10.1007/s00607-012-0263-3},
    title={Finding large k-clubs in undirected graphs},
    url={http://dx.doi.org/10.1007/s00607-012-0263-3},
    publisher={Springer Vienna},
    keywords={Branch and bound; $$k$$ -Club; $$k$$ -Neighborhood; 05C85; 68R10; 90B10},
    author={Chang, Maw-Shang and Hung, Ling-Ju and Lin, Chih-Ren and Su, Ping-Chen},
    pages={739-758}
}

@article{Balasundaram:2005,
    year={2005},
    issn={1382-6905},
    journal={Journal of Combinatorial Optimization},
    volume={10},
    number={1},
    doi={10.1007/s10878-005-1857-x},
    title={Novel Approaches for Analyzing Biological Networks},
    url={http://dx.doi.org/10.1007/s10878-005-1857-x},
    publisher={Kluwer Academic Publishers},
    keywords={n-cliques; n-clubs; clique relaxations; social networks; biological networks},
    author={Balasundaram, Balabhaskar and Butenko, Sergiy and Trukhanov, Svyatoslav},
    pages={23-39}
}

@article{Li:1985,
    author={Li, Guo-Jie and Wah, B.},
    journal={Computers, IEEE Transactions on},
    title={Coping with Anomalies in Parallel Branch-and-Bound Algorithms},
    year={1986},
    volume={C-35},
    number={6},
    pages={568-573},
    doi={10.1109/TC.1986.5009434},
    ISSN={0018-9340}
}

@article{Lai:1984,
    title={Anomalies in parallel branch-and-bound algorithms},
    author={Lai, Ten-Hwang and Sahni, Sartaj},
    journal={Communications of the ACM},
    volume={27},
    number={6},
    pages={594--602},
    year={1984},
    publisher={ACM}
}

@incollection{Sanders:1995,
    year={1995},
    isbn={978-3-540-60321-4},
    booktitle={Parallel Algorithms for Irregularly Structured Problems},
    volume={980},
    series={Lecture Notes in Computer Science},
    editor={Ferreira, Afonso and Rolim, Jos{\'e}},
    doi={10.1007/3-540-60321-2_27},
    title={Better algorithms for parallel backtracking},
    url={http://dx.doi.org/10.1007/3-540-60321-2_27},
    publisher={Springer Berlin Heidelberg},
    address={Berlin, Heidelberg},
    keywords={Analysis of randomized algorithms; depth first search; distributed memory; divide and conquer; load balancing; parallel backtracking},
    author={Sanders, Peter},
    pages={333-347}
}

@article{Haralick:1980,
    title = "Increasing tree search efficiency for constraint satisfaction problems ",
    journal = "Artificial Intelligence ",
    volume = "14",
    number = "3",
    pages = "263 - 313",
    year = "1980",
    note = "",
    issn = "0004-3702",
    doi = "http://dx.doi.org/10.1016/0004-3702(80)90051-X",
    url = "http://www.sciencedirect.com/science/article/pii/000437028090051X",
    author = "Robert M. Haralick and Gordon L. Elliott"
}

@inproceedings{Gent:2006,
    author = {Ian P. Gent and Karen E. Petrie and Jean-{F}ran{\c{c}}ois Puget},
    title = {Symmetry in constraint programming},
    booktitle = {Handbook of Constraint Programming},
    year = {2006},
    pages = {329--376},
    publisher = {Elsevier}
}

@incollection{Backofen:1999,
    year={1999},
    isbn={978-3-540-66626-4},
    booktitle={Principles and Practice of Constraint Programming - CP'99},
    volume={1713},
    series={Lecture Notes in Computer Science},
    editor={Jaffar, Joxan},
    doi={10.1007/978-3-540-48085-3_6},
    title={Excluding Symmetries in Constraint-Based Search},
    url={http://dx.doi.org/10.1007/978-3-540-48085-3_6},
    publisher={Springer Berlin Heidelberg},
    author={Backofen, Rolf and Will, Sebastian},
    pages={73-87}
}

@article{Backofen:2002,
    year={2002},
    issn={1383-7133},
    journal={Constraints},
    volume={7},
    number={3-4},
    doi={10.1023/A:1020533821509},
    title={Excluding Symmetries in Constraint-Based Search},
    url={http://dx.doi.org/10.1023/A%3A1020533821509},
    publisher={Kluwer Academic Publishers},
    keywords={symmetry exclusion; geometric symmetries; permutation symmetries; constraint-based search; symmetry excluding search (SES)},
    author={Backofen, Rolf and Will, Sebastian},
    pages={333-349}
}

@INPROCEEDINGS{Gent:2000,
    author = {Ian P. Gent and Barbara M. Smith},
    title = {Symmetry Breaking in Constraint Programming},
    booktitle = {Proceedings of ECAI-2000},
    year = {2000},
    pages = {599--603},
    publisher = {IOS Press}
}

@article{Gent:2002,
    title={Groups and constraints: Symmetry breaking during search},
    author={Gent, Ian P and Harvey, Warwick and Kelsey, Tom},
    journal={CP},
    volume={2470},
    pages={415--430},
    year={2002},
    publisher={Springer}
}

@inproceedings{Crawford:1996,
    author = {James Crawford and Matthew Ginsberg and Eugene Luks and Amitabha Roy},
    title = {Symmetry-Breaking Predicates for Search Problems},
    booktitle = {KR'96: Principles of Knowledge Representation and Reasoning},
    year = {1996},
    pages = {148--159},
    publisher = {Morgan Kaufmann}
}

@incollection{Komorowski:1993,
    year={1993},
    isbn={978-3-540-56804-9},
    booktitle={Methodologies for Intelligent Systems},
    volume={689},
    series={Lecture Notes in Computer Science},
    editor={Komorowski, Jan and Ra{\'s}, Zbigniew W.},
    doi={10.1007/3-540-56804-2_33},
    title={On the satisfiability of symmetrical constrained satisfaction problems},
    url={http://dx.doi.org/10.1007/3-540-56804-2_33},
    publisher={Springer Berlin Heidelberg},
    author={Puget, Jean-Fran\c{c}ois},
    pages={350-361}
}

@ARTICLE{Aloul:2006,
    author={Aloul, F.A. and Sakallah, K.A. and Markov, I.L.},
    journal={Computers, IEEE Transactions on},
    title={Efficient symmetry breaking for Boolean satisfiability},
    year={2006},
    volume={55},
    number={5},
    pages={549-558},
    keywords={Boolean functions;computability;graph theory;search problems;Boolean satisfiability;backtrack search;conjunctive normal form;graph automorphism;search space;symmetry-breaking predicates;Abstract algebra;Filters;Runtime;Backtrack Search;clause learning;conjunctive normal form (CNF);graph automorphism;satisfiability (SAT);symmetries.},
    doi={10.1109/TC.2006.75},
    ISSN={0018-9340}
}

@article{Mears:2013,
    year={2013},
    issn={1383-7133},
    journal={Constraints},
    doi={10.1007/s10601-013-9154-2},
    title={Lightweight dynamic symmetry breaking},
    url={http://dx.doi.org/10.1007/s10601-013-9154-2},
    publisher={Springer US},
    keywords={Symmetry; Symmetry breaking; Group theory; Search},
    author={Mears, Christopher and Garcia de la Banda, Maria and Demoen, Bart and Wallace, Mark},
    pages={1-48}
}

@article{Chu:2012,
    year={2012},
    issn={1383-7133},
    journal={Constraints},
    volume={17},
    number={1},
    doi={10.1007/s10601-011-9112-9},
    title={Exploiting subproblem dominance in constraint programming},
    url={http://dx.doi.org/10.1007/s10601-011-9112-9},
    publisher={Springer US},
    keywords={Caching; Dominance; Search},
    author={Chu, Geoffrey and Banda, Maria Garcia and Stuckey, Peter J.},
    pages={1-38}
}

@inproceedings{Harvey:1995,
    author    = {William D. Harvey and Matthew L. Ginsberg},
    title     = {Limited Discrepancy Search},
    booktitle = {IJCAI (1)},
    year      = {1995},
    pages     = {607-615},
    bibsource = {DBLP, http://dblp.uni-trier.de},
    publisher = {Morgan Kaufmann},
    address = {San Francisco, CA, USA}
}

@inproceedings{Korf:1996,
    author    = {Richard E. Korf},
    title     = {Improved Limited Discrepancy Search},
    booktitle = {AAAI/IAAI, Vol. 1},
    year      = {1996},
    pages     = {286-291},
    ee        = {http://www.aaai.org/Library/AAAI/1996/aaai96-043.php},
    publisher = {AAAI Press},
    address = {Palo Alto, CA, USA}
}

@inproceedings{Walsh:1997,
  author    = {Toby Walsh},
  title     = {Depth-bounded Discrepancy Search},
  booktitle = {IJCAI},
  year      = {1997},
  pages     = {1388-1395},
  bibsource = {DBLP, http://dblp.uni-trier.de},
  publisher = {Morgan Kaufmann},
  address = {San Francisco, CA, USA}
}

@inproceedings{Beck:2000,
    title={Discrepancy-bounded depth first search},
    author={Beck, J Christopher and Perron, Laurent},
    booktitle={Proceedings of CP-AI-OR},
    pages={8--10},
    year={2000}
}

@article{Jackson:1995,
  title={A re-examination of limited discrepancy search},
  author={Jackson, W Ken and Irgens, Morten and Havens, William S},
  journal={Intelligent Systems Laboratory, Computing Science, Simon Fraser University (file: re. LDS. fm. pdf)},
  year={1995}
}

@article{Prosser:2011,
    title={Limited discrepancy search revisited},
    author={Prosser, Patrick and Unsworth, Chris},
    journal={Journal of Experimental Algorithmics (JEA)},
    volume={16},
    pages={1--6},
    year={2011},
    publisher={ACM}
}

@incollection{Moisan:2013,
    year={2013},
    isbn={978-3-642-40626-3},
    booktitle={Principles and Practice of Constraint Programming},
    volume={8124},
    series={Lecture Notes in Computer Science},
    editor={Schulte, Christian},
    doi={10.1007/978-3-642-40627-0_6},
    title={Parallel Discrepancy-Based Search},
    url={http://dx.doi.org/10.1007/978-3-642-40627-0_6},
    publisher={Springer Berlin Heidelberg},
    author={Moisan, Thierry and Gaudreault, Jonathan and Quimper, Claude-Guy},
    pages={30-46}
}

@inproceedings{Yokoo:1994,
    title={Weak-commitment search for solving constraint satisfaction problems},
    author={Yokoo, Makoto},
    booktitle={AAAI},
    volume={94},
    pages={313--318},
    year={1994}
}

@incollection{Moisan:2014,
    year={2014},
    isbn={978-3-319-07045-2},
    booktitle={Integration of AI and OR Techniques in Constraint Programming},
    volume={8451},
    series={Lecture Notes in Computer Science},
    editor={Simonis, Helmut},
    doi={10.1007/978-3-319-07046-9_27},
    title={Parallel Depth-Bounded Discrepancy Search},
    url={http://dx.doi.org/10.1007/978-3-319-07046-9_27},
    publisher={Springer International Publishing},
    author={Moisan, Thierry and Quimper, Claude-Guy and Gaudreault, Jonathan},
    pages={377-393}
}

@article{Pattillo:2013.quasi,
    title = "On the maximum quasi-clique problem ",
    journal = "Discrete Applied Mathematics ",
    volume = "161",
    number = "1-2",
    pages = "244 - 257",
    year = "2013",
    note = "",
    issn = "0166-218X",
    doi = "http://dx.doi.org/10.1016/j.dam.2012.07.019",
    url = "http://www.sciencedirect.com/science/article/pii/S0166218X12002843",
    author = "Jeffrey Pattillo and Alexander Veremyev and Sergiy Butenko and Vladimir Boginski",
    keywords = "Clique",
    keywords = "Quasi-clique",
    keywords = "Optimization "
}

@article{Balasundaram:2011,
    author = {Balasundaram, Balabhaskar and Butenko, Sergiy and Hicks, Illya V.},
    title = {Clique Relaxations in Social Network Analysis: The Maximum k-Plex Problem},
    journal = {Operations Research},
    volume = {59},
    number = {1},
    pages = {133-142},
    year = {2011},
    doi = {10.1287/opre.1100.0851},
    URL = {http://pubsonline.informs.org/doi/abs/10.1287/opre.1100.0851},
    eprint = {http://pubsonline.informs.org/doi/pdf/10.1287/opre.1100.0851}
}

@article{Miao:2014,
    year={2014},
    issn={1382-6905},
    journal={Journal of Combinatorial Optimization},
    doi={10.1007/s10878-013-9699-4},
    title={An exact algorithm for the maximum probabilistic clique problem},
    url={http://dx.doi.org/10.1007/s10878-013-9699-4},
    publisher={Springer US},
    keywords={Maximum clique problem; Probabilistic programming; Probabilistic clique; Branch-and-bound},
    author={Miao, Zhuqi and Balasundaram, Balabhaskar and Pasiliao, Eduardo L.},
    pages={1-16}
}

@article{Pattillo:2013.relax,
    title = "On clique relaxation models in network analysis ",
    journal = "European Journal of Operational Research ",
    volume = "226",
    number = "1",
    pages = "9 - 18",
    year = "2013",
    note = "",
    issn = "0377-2217",
    doi = "http://dx.doi.org/10.1016/j.ejor.2012.10.021",
    url = "http://www.sciencedirect.com/science/article/pii/S0377221712007679",
    author = "Jeffrey Pattillo and Nataly Youssef and Sergiy Butenko",
    keywords = "Clique relaxations",
    keywords = "Maximum clique problem",
    keywords = "Social network analysis",
    keywords = "Cohesive subgroups",
    keywords = "Biological networks "
}

@incollection{Pattillo:2012,
    year={2012},
    isbn={978-1-4614-0856-7},
    booktitle={Handbook of Optimization in Complex Networks},
    series={Springer Optimization and Its Applications},
    editor={Thai, My T. and Pardalos, Panos M.},
    doi={10.1007/978-1-4614-0857-4_5},
    title={Clique Relaxation Models in Social Network Analysis},
    url={http://dx.doi.org/10.1007/978-1-4614-0857-4_5},
    publisher={Springer New York},
    author = "Jeffrey Pattillo and Nataly Youssef and Sergiy Butenko",
    pages={143-162}
}

@article{Balas:1996.weighted,
    year={1996},
    issn={0178-4617},
    journal={Algorithmica},
    volume={15},
    number={5},
    doi={10.1007/BF01955041},
    title={Weighted and unweighted maximum clique algorithms with upper bounds from fractional coloring},
    url={http://dx.doi.org/10.1007/BF01955041},
    publisher={Springer-Verlag},
    keywords={Maximum clique; Minimum coloring; Fractional coloring},
    author={Balas, E. and Xue, Jue},
    pages={397-412}
}

@article{Veremyev:2012,
    title = "Identifying large robust network clusters via new compact formulations of maximum k-club problems ",
    journal = "European Journal of Operational Research ",
    volume = "218",
    number = "2",
    pages = "316 - 326",
    year = "2012",
    note = "",
    issn = "0377-2217",
    doi = "http://dx.doi.org/10.1016/j.ejor.2011.10.027",
    url = "http://www.sciencedirect.com/science/article/pii/S0377221711009477",
    author = "Alexander Veremyev and Vladimir Boginski"
}

@article{Yu:2006,
    author = {Yu, Haiyuan and Paccanaro, Alberto and Trifonov, Valery and Gerstein, Mark},
    title = {Predicting interactions in protein networks by completing defective cliques},
    volume = {22},
    number = {7},
    pages = {823-829},
    year = {2006},
    doi = {10.1093/bioinformatics/btl014},
    URL = {http://bioinformatics.oxfordjournals.org/content/22/7/823.abstract},
    eprint = {http://bioinformatics.oxfordjournals.org/content/22/7/823.full.pdf+html},
    journal = {Bioinformatics}
}

@incollection{Brunato:2008,
    year={2008},
    isbn={978-3-540-92694-8},
    booktitle={Learning and Intelligent Optimization},
    volume={5313},
    series={Lecture Notes in Computer Science},
    editor={Maniezzo, Vittorio and Battiti, Roberto and Watson, Jean-Paul},
    doi={10.1007/978-3-540-92695-5_4},
    title={On Effectively Finding Maximal Quasi-cliques in Graphs},
    url={http://dx.doi.org/10.1007/978-3-540-92695-5_4},
    publisher={Springer Berlin Heidelberg},
    author={Brunato, Mauro and Hoos, Holger H. and Battiti, Roberto},
    pages={41-55}
}

@article{Puget:2005,
    year={2005},
    issn={1383-7133},
    journal={Constraints},
    volume={10},
    number={1},
    doi={10.1007/s10601-004-5306-8},
    title={Symmetry Breaking Revisited},
    url={http://dx.doi.org/10.1007/s10601-004-5306-8},
    publisher={Kluwer Academic Publishers},
    keywords={symmetry; breaking; SBDD; search; social golfer problem; BIBD},
    author={Puget, Jean-Fran\c{c}ois},
    pages={23-46}
}

@incollection{Karoui:1997,
    year={2007},
    isbn={978-3-540-72396-7},
    booktitle={Integration of AI and OR Techniques in Constraint Programming for Combinatorial Optimization Problems},
    volume={4510},
    series={Lecture Notes in Computer Science},
    editor={Hentenryck, Pascal and Wolsey, Laurence},
    doi={10.1007/978-3-540-72397-4_8},
    title={{YIELDS}: A Yet Improved Limited Discrepancy Search for {CSPs}},
    url={http://dx.doi.org/10.1007/978-3-540-72397-4_8},
    publisher={Springer Berlin Heidelberg},
    author={Karoui, Wafa and Huguet, Marie-Jos{\'e} and Lopez, Pierre and Naanaa, Wady},
    pages={99-111}
}



@inproceedings{Furcy:2005,
    author = {Furcy, David and Koenig, Sven},
    title = {Limited Discrepancy Beam Search},
    booktitle = {Proceedings of the 19th International Joint Conference on Artificial Intelligence},
    series = {IJCAI'05},
    year = {2005},
    location = {Edinburgh, Scotland},
    pages = {125--131},
    numpages = {7},
    url = {http://dl.acm.org/citation.cfm?id=1642293.1642313},
    acmid = {1642313},
    publisher = {Morgan Kaufmann Publishers Inc.},
    address = {San Francisco, CA, USA},
}

@inproceedings{Amdahl:1967,
    author = {Amdahl, Gene M.},
    title = {Validity of the Single Processor Approach to Achieving Large Scale Computing Capabilities},
    booktitle = {Proceedings of the April 18-20, 1967, Spring Joint Computer Conference},
    series = {AFIPS '67 (Spring)},
    year = {1967},
    location = {Atlantic City, New Jersey},
    pages = {483--485},
    numpages = {3},
    url = {http://doi.acm.org/10.1145/1465482.1465560},
    doi = {10.1145/1465482.1465560},
    acmid = {1465560},
    publisher = {ACM},
    address = {New York, NY, USA},
}

@article{Gustafson:1988,
    author = {Gustafson, John L.},
    title = {Reevaluating {Amdahl's} Law},
    journal = {Commun. ACM},
    issue_date = {May 1988},
    volume = {31},
    number = {5},
    month = may,
    year = {1988},
    issn = {0001-0782},
    pages = {532--533},
    numpages = {2},
    url = {http://doi.acm.org/10.1145/42411.42415},
    doi = {10.1145/42411.42415},
    acmid = {42415},
    publisher = {ACM},
    address = {New York, NY, USA},
}

@book{Ferreira:1995,
    editor = {Ferreira, Alfonso and Rolim, Jose D. P.},
    title = {Parallel Algorithms for Irregular Problems: State of the Art},
    year = {1995},
    isbn = {0792336232},
    publisher = {Kluwer Academic Publishers},
    address = {Norwell, MA, USA},
}

@article{Pattabiraman:2012,
    author    = {Bharath Pattabiraman and Md. Mostofa Ali Patwary and Assefaw Hadish Gebremedhin and Wei-Keng Liao and Alok N. Choudhary},
    title     = {Fast Algorithms for the Maximum Clique Problem on Massive Sparse Graphs},
    journal   = {CoRR},
    volume    = {abs/1209.5818},
    year      = {2012},
    ee        = {http://arxiv.org/abs/1209.5818},
    bibsource = {DBLP, http://dblp.uni-trier.de}
}

@incollection{Eblen:2011,
    year={2011},
    isbn={978-3-642-21259-8},
    booktitle={Bioinformatics Research and Applications},
    volume={6674},
    series={Lecture Notes in Computer Science},
    editor={Chen, Jianer and Wang, Jianxin and Zelikovsky, Alexander},
    doi={10.1007/978-3-642-21260-4_30},
    title={The Maximum Clique Enumeration Problem: Algorithms, Applications and Implementations},
    url={http://dx.doi.org/10.1007/978-3-642-21260-4_30},
    publisher={Springer Berlin Heidelberg},
    address={Berlin, Heidelberg},
    keywords={maximum clique enumeration; maximal clique; gene expression analysis; software tools and applications},
    author={Eblen, John D. and Phillips, Charles A. and Rogers, Gary L. and Langston, Michael A.},
    pages={306-319}
}

@Article{Eblen:2012,
    AUTHOR = {Eblen, John and Phillips, Charles and Rogers, Gary and Langston, Michael},
    TITLE = {The maximum clique enumeration problem: algorithms, applications, and implementations},
    JOURNAL = {BMC Bioinformatics},
    VOLUME = {13},
    YEAR = {2012},
    NUMBER = {Suppl 10},
    PAGES = {S5},
    URL = {http://www.biomedcentral.com/1471-2105/13/S10/S5},
    DOI = {10.1186/1471-2105-13-S10-S5},
    PubMedID = {22759429},
    ISSN = {1471-2105}
}

@article{Batsyn:2013,
    year={2014},
    issn={1382-6905},
    journal={Journal of Combinatorial Optimization},
    volume={27},
    number={2},
    doi={10.1007/s10878-012-9592-6},
    title={Improvements to {MCS} algorithm for the maximum clique problem},
    url={http://dx.doi.org/10.1007/s10878-012-9592-6},
    publisher={Springer US},
    keywords={Maximum clique problem; Branch-and-bound algorithm; Heuristic solution; Graph colouring},
    author={Batsyn, Mikhail and Goldengorin, Boris and Maslov, Evgeny and Pardalos, Panos M.},
    pages={397-416}
}

@incollection{Maslov:2013,
    year={2013},
    isbn={978-1-4614-8587-2},
    booktitle={Models, Algorithms, and Technologies for Network Analysis},
    volume={59},
    series={Springer Proceedings in Mathematics \& Statistics},
    editor={Goldengorin, Boris I. and Kalyagin, Valery A. and Pardalos, Panos M.},
    doi={10.1007/978-1-4614-8588-9_7},
    title={Speeding up {MCS} Algorithm for the Maximum Clique Problem with {ILS} Heuristic and Other Enhancements},
    url={http://dx.doi.org/10.1007/978-1-4614-8588-9_7},
    publisher={Springer New York},
    address={New York, NY, USA},
    keywords={Maximum clique problem; MCS branch-and-bound algorithm; ILS heuristic; Graph coloring},
    author={Maslov, Evgeny and Batsyn, Mikhail and Pardalos, Panos M.},
    pages={93-99}
}

@article{Maslov:2014,
    year={2014},
    issn={0925-5001},
    journal={Journal of Global Optimization},
    volume={59},
    number={1},
    doi={10.1007/s10898-013-0075-9},
    title={Speeding up branch and bound algorithms for solving the maximum clique problem},
    url={http://dx.doi.org/10.1007/s10898-013-0075-9},
    publisher={Springer US},
    keywords={Maximum clique problem; Branch and bound algorithm; Heuristic solution; Graph colouring; 05C69; 05C85; 90C27; 90C59; 90-08},
    author={Maslov, Evgeny and Batsyn, Mikhail and Pardalos, Panos M.},
    pages={1-21}
}

@inproceedings{Debroni:2011,
    title={A complete resolution of the Keller maximum clique problem},
    author={Debroni, Jennifer and Eblen, John D and Langston, Michael A and Myrvold, Wendy and Shor, Peter and Weerapurage, Dinesh},
    booktitle={Proceedings of the Twenty-Second Annual ACM-SIAM Symposium on Discrete Algorithms},
    pages={129--135},
    year={2011},
    organization={SIAM}
}

@incollection{Pardalos:2010,
    year={2010},
    isbn={978-3-642-13192-9},
    booktitle={Experimental Algorithms},
    volume={6049},
    series={Lecture Notes in Computer Science},
    editor={Festa, Paola},
    doi={10.1007/978-3-642-13193-6_2},
    title={Computational Challenges with Cliques, Quasi-cliques and Clique Partitions in Graphs},
    url={http://dx.doi.org/10.1007/978-3-642-13193-6_2},
    publisher={Springer Berlin Heidelberg},
    author={Pardalos, Panos M. and Rebennack, Steffen},
    pages={13-22}
}

@article{SanSegundo:2014,
    title = "Relaxed approximate coloring in exact maximum clique search ",
    journal = "Computers \& Operations Research ",
    volume = "44",
    number = "0",
    pages = "185 - 192",
    year = "2014",
    note = "",
    issn = "0305-0548",
    doi = "http://dx.doi.org/10.1016/j.cor.2013.10.018",
    url = "http://www.sciencedirect.com/science/article/pii/S0305054813003134",
    author = "Pablo San Segundo and Cristobal Tapia",
}

@article{Spearman:1904,
    added-at = {2010-10-21T15:57:00.000+0200},
    author = {Spearman, C.},
    biburl = {http://www.bibsonomy.org/bibtex/241bbb05b2436805efcd2bae6499be0e3/laurannebp},
    interhash = {ccfadff2f334e8f053dbb2e1473a9137},
    intrahash = {41bbb05b2436805efcd2bae6499be0e3},
    journal = {American Journal of Psychology},
    keywords = {imported},
    pages = {88--103},
    timestamp = {2010-10-21T15:57:00.000+0200},
    title = {The Proof and Measurement of Association Between Two Things},
    volume = 15,
    year = 1904
}

@inbook{Balas:1996.bipartite,
    title={Finding large cliques in arbitrary graphs by bipartite matching},
    author={Balas, Egon and Niehaus, William},
    journal={{DIMACS} series in discrete mathematics and theoretical computer science},
    volume={26},
    pages={29--52},
    year={1996}
}

@inproceedings{Li:2013,
    author={Chu-Min Li and Zhiwen Fang and Ke Xu},
    booktitle={Tools with Artificial Intelligence (ICTAI), 2013 IEEE 25th International Conference on},
    title={Combining {MaxSAT} Reasoning and Incremental Upper Bound for the Maximum Clique Problem},
    year={2013},
    month={Nov},
    pages={939-946},
    keywords={computability;computational complexity;learning (artificial intelligence);tree searching;trees (mathematics);IncMaxCLQ;MaxSAT reasoning;NP-hardness;branch-and-bound algorithm;graph theory;incremental upper bound computation;maximum clique problem;pruning search space;search tree;Arrays;Benchmark testing;Cognition;Heuristic algorithms;Partitioning algorithms;Silicon;Upper bound;Incremental Upper Bound;MaxClique;MaxSAT},
    doi={10.1109/ICTAI.2013.143},
    ISSN={1082-3409},
}

@paper{Li:2010.branch,
    author = {Chu-Min Li and Zhe Quan},
    title = {An Efficient Branch-and-Bound Algorithm Based on {MaxSAT} for the Maximum Clique Problem},
    conference = {AAAI Conference on Artificial Intelligence},
    year = {2010},
    keywords = {Branch-and-Bound; Maxclique; MaxSAT; Exact Algorithm for Maxclique},
    url = {http://www.aaai.org/ocs/index.php/AAAI/AAAI10/paper/view/1611}
}

@inproceedings{Li:2010.structure,
    author={Chu-Min Li and Zhe Quan},
    booktitle={Tools with Artificial Intelligence (ICTAI), 2010 22nd IEEE International Conference on},
    title={Combining Graph Structure Exploitation and Propositional Reasoning for the Maximum Clique Problem},
    year={2010},
    month={Oct},
    volume={1},
    pages={344-351},
    keywords={computability;graph theory;inference mechanisms;set theory;tree searching;MaxSAT solver;Maxclique problem;branch-and-bound algorithm;graph structure exploitation;imperfect graph;maximum clique problem;propositional reasoning;random graph;Approximation algorithms;Cognition;Color;Encoding;Partitioning algorithms;Polynomials;Upper bound;Branch-and-Bound;MaxSAT;Maxclique},
    doi={10.1109/ICTAI.2010.57},
    ISSN={1082-3409}
}

@article{Wood:1997,
    title={An algorithm for finding a maximum clique in a graph},
    author={Wood, David R},
    journal={Operations Research Letters},
    volume={21},
    number={5},
    pages={211--217},
    year={1997},
    publisher={Elsevier}
}

@incollection{Ndiaye:2011.cp1,
    year={2011},
    isbn={978-3-642-23785-0},
    booktitle={Principles and Practice of Constraint Programming - CP 2011},
    volume={6876},
    series={Lecture Notes in Computer Science},
    editor={Lee, Jimmy},
    doi={10.1007/978-3-642-23786-7_48},
    title={{CP} Models for Maximum Common Subgraph Problems},
    url={http://dx.doi.org/10.1007/978-3-642-23786-7_48},
    publisher={Springer Berlin Heidelberg},
    author= {Samba Ndojh {Ndiaye} and Christine {Solnon}},
    pages={637-644}
}

@incollection{Vismara:2008,
    year={2008},
    isbn={978-3-540-87476-8},
    booktitle={Modelling, Computation and Optimization in Information Systems and Management Sciences},
    volume={14},
    series={Communications in Computer and Information Science},
    editor={Le Thi, Hoai An and Bouvry, Pascal and Pham Dinh, Tao},
    doi={10.1007/978-3-540-87477-5_39},
    title={Finding Maximum Common Connected Subgraphs Using Clique Detection or Constraint Satisfaction Algorithms},
    url={http://dx.doi.org/10.1007/978-3-540-87477-5_39},
    publisher={Springer Berlin Heidelberg},
    keywords={Maximum common subgraph; linegraph; subdivision graph; compatibility graph; constraints satisfaction algorithm; clique detection},
    author={Vismara, Philippe and Valery, Beno{\^\i}t},
    pages={358-368}
}

@inproceedings{Wang:2005,
    author={Yu Wang and Maple, C.},
    booktitle={Information Visualisation, 2005. Proceedings. Ninth International Conference on},
    title={A novel efficient algorithm for determining maximum common subgraphs},
    year={2005},
    month={July},
    pages={657-663},
    keywords={data visualisation;graph theory;graph representation;graph similarity;maximum common subgraph;object similarity;similarity measurement;structured object representation;Algorithm design and analysis;Biology computing;Chemistry;Detection algorithms;NP-complete problem},
    doi={10.1109/IV.2005.11},
    ISSN={1550-6037}
}

@incollection{Bunke:2002,
    year={2002},
    isbn={978-3-540-44011-6},
    booktitle={Structural, Syntactic, and Statistical Pattern Recognition},
    volume={2396},
    series={Lecture Notes in Computer Science},
    editor={Caelli, Terry and Amin, Adnan and Duin, Robert P.W. and Ridder, Dick and Kamel, Mohamed},
    doi={10.1007/3-540-70659-3_12},
    title={A Comparison of Algorithms for Maximum Common Subgraph on Randomly Connected Graphs},
    url={http://dx.doi.org/10.1007/3-540-70659-3_12},
    publisher={Springer Berlin Heidelberg},
    author={Bunke, Horst and Foggia, Pasquale and Guidobaldi, Corrado and Sansone, Carlo and Vento, Mario},
    pages={123-132}
}

@incollection{Conte:2003,
    year={2003},
    isbn={978-3-540-40452-1},
    booktitle={Graph Based Representations in Pattern Recognition},
    volume={2726},
    series={Lecture Notes in Computer Science},
    editor={Hancock, Edwin and Vento, Mario},
    doi={10.1007/3-540-45028-9_12},
    title={A Comparison of Three Maximum Common Subgraph Algorithms on a Large Database of Labeled Graphs},
    url={http://dx.doi.org/10.1007/3-540-45028-9_12},
    publisher={Springer Berlin Heidelberg},
    author={Conte, D. and Guidobaldi, C. and Sansone, C.},
    pages={130-141}
}

@article{Krissinel:2004,
    author = {Krissinel, Evgeny B. and Henrick, Kim},
    title = {Common subgraph isomorphism detection by backtracking search},
    journal = {Software: Practice and Experience},
    volume = {34},
    number = {6},
    publisher = {John Wiley & Sons, Ltd.},
    issn = {1097-024X},
    url = {http://dx.doi.org/10.1002/spe.588},
    doi = {10.1002/spe.588},
    pages = {591--607},
    keywords = {common subgraphs, backtracking algorithm},
    year = {2004},
}

@incollection{Suters:2005,
    year={2005},
    isbn={978-3-540-28061-3},
    booktitle={Computing and Combinatorics},
    volume={3595},
    series={Lecture Notes in Computer Science},
    editor={Wang, Lusheng},
    doi={10.1007/11533719_73},
    title={A New Approach and Faster Exact Methods for the Maximum Common Subgraph Problem},
    url={http://dx.doi.org/10.1007/11533719_73},
    publisher={Springer Berlin Heidelberg},
    author={Suters, W. Henry and Abu-Khzam, Faisal N. and Zhang, Yun and Symons, Christopher T. and Samatova, Nagiza F. and Langston, Michael A.},
    pages={717-727}
}

@article{Levi:1973,
    year={1973},
    issn={0008-0624},
    journal={CALCOLO},
    volume={9},
    number={4},
    doi={10.1007/BF02575586},
    title={A note on the derivation of maximal common subgraphs of two directed or undirected graphs},
    url={http://dx.doi.org/10.1007/BF02575586},
    publisher={Springer-Verlag},
    author={Levi, G.},
    pages={341-352}
}

@incollection{Kann:1992,
    year={1992},
    isbn={978-3-540-55210-9},
    booktitle={STACS 92},
    volume={577},
    series={Lecture Notes in Computer Science},
    editor={Finkel, Alain and Jantzen, Matthias},
    doi={10.1007/3-540-55210-3_198},
    title={On the approximability of the maximum common subgraph problem},
    url={http://dx.doi.org/10.1007/3-540-55210-3_198},
    publisher={Springer Berlin Heidelberg},
    keywords={Approximation; graph problems; computational complexity},
    author={Kann, Viggo},
    pages={375-388}
}

@article{Bunke:1997,
    title = "On a relation between graph edit distance and maximum common subgraph ",
    journal = "Pattern Recognition Letters ",
    volume = "18",
    number = "8",
    pages = "689 - 694",
    year = "1997",
    note = "",
    issn = "0167-8655",
    doi = "http://dx.doi.org/10.1016/S0167-8655(97)00060-3",
    url = "http://www.sciencedirect.com/science/article/pii/S0167865597000603",
    author = "H. Bunke",
    keywords = "Approximate graph matching",
    keywords = "Graph edit distance",
    keywords = "Maximum common subgraph",
    keywords = "Edit operation",
    keywords = "Cost function "
}

@article{Gardiner:1997,
    title = "Clique-Detection Algorithms for Matching Three-Dimensional Molecular Structures ",
    journal = "Journal of Molecular Graphics and Modelling ",
    volume = "15",
    number = "4",
    pages = "245 - 253",
    year = "1997",
    note = "",
    issn = "1093-3263",
    doi = "http://dx.doi.org/10.1016/S1093-3263(97)00089-2",
    url = "http://www.sciencedirect.com/science/article/pii/S1093326397000892",
    author = "Eleanor J Gardiner and Peter J Artymiuk and Peter Willett",
    keywords = "Bron-Kerbosch algorithm",
    keywords = "Carraghan-Pardalos algorithm",
    keywords = "clique detection",
    keywords = "graph matching",
    keywords = "maximal common substructure",
    keywords = "pharmacophore mapping "
}

@article{Raymond:2002,
    year={2002},
    issn={0920-654X},
    journal={Journal of Computer-Aided Molecular Design},
    volume={16},
    number={7},
    doi={10.1023/A:1021271615909},
    title={Maximum common subgraph isomorphism algorithms for the matching of chemical structures},
    url={http://dx.doi.org/10.1023/A%3A1021271615909},
    publisher={Kluwer Academic Publishers},
    keywords={Algorithm; graph matching; graph similarity; isomorphism algorithm; maximum common subgraph; maximum common substructure},
    author={Raymond, John W. and Willett, Peter},
    pages={521-533}
}

@incollection{MalodDognin:2010,
    year={2010},
    isbn={978-3-642-13192-9},
    booktitle={Experimental Algorithms},
    volume={6049},
    series={Lecture Notes in Computer Science},
    editor={Festa, Paola},
    doi={10.1007/978-3-642-13193-6_10},
    title={Maximum Cliques in Protein Structure Comparison},
    url={http://dx.doi.org/10.1007/978-3-642-13193-6_10},
    publisher={Springer Berlin Heidelberg},
    keywords={protein structure comparison; maximum clique problem; k-partite graphs; combinatorial optimization; branch and bound},
    author={Malod-Dognin, No{\"e}l and Andonov, Rumen and Yanev, Nicola},
    pages={106-117}
}

@article{Ehrlich:2011,
    author = {Ehrlich, Hans-Christian and Rarey, Matthias},
    title = {Maximum common subgraph isomorphism algorithms and their applications in molecular science: a review},
    journal = {Wiley Interdisciplinary Reviews: Computational Molecular Science},
    volume = {1},
    number = {1},
    publisher = {John Wiley & Sons, Inc.},
    issn = {1759-0884},
    url = {http://dx.doi.org/10.1002/wcms.5},
    doi = {10.1002/wcms.5},
    pages = {68--79},
    year = {2011},
}

@article{Koch:2001,
    title = "Enumerating all connected maximal common subgraphs in two graphs ",
    journal = "Theoretical Computer Science ",
    volume = "250",
    number = "1-2",
    pages = "1 - 30",
    year = "2001",
    note = "",
    issn = "0304-3975",
    doi = "http://dx.doi.org/10.1016/S0304-3975(00)00286-3",
    url = "http://www.sciencedirect.com/science/article/pii/S0304397500002863",
    author = "Ina Koch",
    keywords = "Graph theory",
    keywords = "Connected maximal common subgraphs",
    keywords = "Cliques",
    keywords = "Bron-Kerbosch algorithm "
}

@article{Ullmann:1976,
    author = {Ullmann, J. R.},
    title = {An Algorithm for Subgraph Isomorphism},
    journal = {J. ACM},
    issue_date = {Jan. 1976},
    volume = {23},
    number = {1},
    month = jan,
    year = {1976},
    issn = {0004-5411},
    pages = {31--42},
    numpages = {12},
    url = {http://doi.acm.org/10.1145/321921.321925},
    doi = {10.1145/321921.321925},
    acmid = {321925},
    publisher = {ACM},
    address = {New York, NY, USA},
}

@article{McGregor:1982,
    author = {McGregor, James J.},
    title = {Backtrack search algorithms and the maximal common subgraph problem},
    journal = {Software: Practice and Experience},
    volume = {12},
    number = {1},
    publisher = {John Wiley & Sons, Ltd.},
    issn = {1097-024X},
    url = {http://dx.doi.org/10.1002/spe.4380120103},
    doi = {10.1002/spe.4380120103},
    pages = {23--34},
    keywords = {Backtrack search, Search tree, Maximal common subgraph},
    year = {1982},
}

@article{Cordella:2004,
    author = {P. Cordella, Luigi and Foggia, Pasquale and Sansone, Carlo and Vento, Mario},
    title = {A (Sub)Graph Isomorphism Algorithm for Matching Large Graphs},
    journal = {IEEE Trans. Pattern Anal. Mach. Intell.},
    issue_date = {October 2004},
    volume = {26},
    number = {10},
    month = oct,
    year = {2004},
    issn = {0162-8828},
    pages = {1367--1372},
    numpages = {6},
    url = {http://dx.doi.org/10.1109/TPAMI.2004.75},
    doi = {10.1109/TPAMI.2004.75},
    acmid = {1018377},
    publisher = {IEEE Computer Society},
    address = {Washington, DC, USA}
}

@article{Zampelli:2010,
    year={2010},
    issn={1383-7133},
    journal={Constraints},
    volume={15},
    number={3},
    doi={10.1007/s10601-009-9074-3},
    title={Solving subgraph isomorphism problems with constraint programming},
    url={http://dx.doi.org/10.1007/s10601-009-9074-3},
    publisher={Springer US},
    keywords={Subgraph isomorphism; Global constraint; Filtering algorithm},
    author={Zampelli, St{\'e}phane and Deville, Yves and Solnon, Christine},
    pages={327-353}
}

@article{Bron:1973,
    author = {Bron, Coen and Kerbosch, Joep},
    title = {Algorithm 457: Finding All Cliques of an Undirected Graph},
    journal = {Commun. ACM},
    issue_date = {Sept. 1973},
    volume = {16},
    number = {9},
    month = sep,
    year = {1973},
    issn = {0001-0782},
    pages = {575--577},
    numpages = {3},
    url = {http://doi.acm.org/10.1145/362342.362367},
    doi = {10.1145/362342.362367},
    acmid = {362367},
    publisher = {ACM},
    address = {New York, NY, USA},
    keywords = {backtracking algorithm, branch and bound technique, cliques, clusters, maximal complete subgraphs, recursion},
}

@article{Solnon:2010,
    title = {{AllDifferent}-based filtering for subgraph isomorphism},
    journal = "Artificial Intelligence ",
    volume = "174",
    number = "12-13",
    pages = "850 - 864",
    year = "2010",
    note = "",
    issn = "0004-3702",
    doi = "http://dx.doi.org/10.1016/j.artint.2010.05.002",
    url = "http://www.sciencedirect.com/science/article/pii/S0004370210000718",
    author = "Christine Solnon",
    keywords = "Subgraph isomorphism",
    keywords = "Constraint programming",
    keywords = "All different constraint "
}

@incollection{Bader:2005,
    year={2005},
    isbn={978-0-387-22826-6},
    booktitle={Tutorials on Emerging Methodologies and Applications in Operations Research},
    volume={76},
    series={International Series in Operations Research \& Management Science},
    editor={G, HJ.},
    doi={10.1007/0-387-22827-6_5},
    title={Parallel Algorithm Design for Branch and Bound},
    url={http://dx.doi.org/10.1007/0-387-22827-6_5},
    publisher={Springer New York},
    keywords={parallel algorithms; optimization; branch and bound; distributed memory; shared memory; grid computing},
    author={Bader, David A. and Hart, William E. and Phillips, Cynthia A.},
    pages={5-1-5-44}
}

@incollection{Crainic:2006,
    title = {Parallel Branch-and-Bound Algorithms},
    author = {Crainic, Teodor Gabriel and Le Cun, Bertrand and Roucairol, Catherine},
    publisher = {John Wiley \& Sons, Inc.},
    isbn = {9780470053928},
    url = {http://dx.doi.org/10.1002/9780470053928.ch1},
    doi = {10.1002/9780470053928.ch1},
    pages = {1--28},
    keywords = {parallel branch-and-bound algorithms, critical B\&B tree and speedup anomalies, quadratic assignment problem (QAP)},
    booktitle = {Parallel Combinatorial Optimization},
    year = {2006},
}

@inproceedings{Bulpin:2004,
    title={Multiprogramming performance of the {Pentium} 4 with {Hyper-Threading}},
    author={Bulpin, J.R. and Pratt, I.A.},
    booktitle={Workshop on Duplicating, Deconstructing, and Debunking (WDDD04)},
    year={2004}
}

@article{ClearWater:1991,
    title = {Cooperative Solution of Constraint Satisfaction Problems},
    author = {Scott H. Clearwater and Bernardo A. Huberman and Tad Hogg},
    journal = {Science},
    volume = 254,
    number = 5035,
    pages = {1181-1183},
    year = 1991
}

@article{Mannino:1995,
    title = "Solving hard set covering problems",
    journal = "Operations Research Letters",
    volume = "18",
    number = "1",
    pages = "1 - 5",
    year = "1995",
    note = "",
    issn = "0167-6377",
    doi = "http://dx.doi.org/10.1016/0167-6377(95)00034-H",
    url = "http://www.sciencedirect.com/science/article/pii/016763779500034H",
    author = "Carlo Mannino and Antonio Sassano",
    keywords = "Integer programming",
    keywords = "Algorithms",
    keywords = "Branch-and-bound",
    keywords = "Set covering",
    keywords = "Steiner triple systems "
}

@inbook{Soriano:1996,
    title={Tabu Search Algorithms for the Maximum Clique Problem},
    author={Patrick Soriano and Michel Gendreau},
    journal={{DIMACS} series in discrete mathematics and theoretical computer science},
    volume={26},
    pages={221--242},
    year={1996}
}

@InProceedings{Ndiaye:2011.cp2,
    title         = {Mod{\'e}lisation et r{\'e}solution de probl{\`e}mes de plus grands sous-graphes communs {\`a} l'aide de la programmation par contraintes},
    author        = {Samba Ndojh {Ndiaye} and Christine {Solnon}},
    year          = {2011},
    month         = jun,
    booktitle     = {Journ{\'e}es Francophones de Programmation par Contraintes (JFPC)},
    pages         = {243--249}, 
    language      = {French},
    url           = {http://liris.cnrs.fr/publis/?id=5101}
}

@incollection{Regin:2013,
    year={2013},
    isbn={978-3-642-40626-3},
    booktitle={Principles and Practice of Constraint Programming},
    volume={8124},
    series={Lecture Notes in Computer Science},
    editor={Schulte, Christian},
    doi={10.1007/978-3-642-40627-0_45},
    title={Embarrassingly Parallel Search},
    url={http://dx.doi.org/10.1007/978-3-642-40627-0_45},
    publisher={Springer Berlin Heidelberg},
    address={Berlin, Heidelberg},
    author={R\'{e}gin, Jean-Charles and Rezgui, Mohamed and Malapert, Arnaud},
    pages={596-610}
}

@incollection{deBruin:1995,
    year={1995},
    isbn={978-3-540-60321-4},
    booktitle={Parallel Algorithms for Irregularly Structured Problems},
    volume={980},
    series={Lecture Notes in Computer Science},
    editor={Ferreira, Afonso and Rolim, Jos{\'e}},
    doi={10.1007/3-540-60321-2_29},
    title={Asynchronous parallel branch and bound and anomalies},
    url={http://dx.doi.org/10.1007/3-540-60321-2_29},
    publisher={Springer Berlin Heidelberg},
    address={Berlin, Heidelberg},
    author={de Bruin, A. and Kindervater, G.A.P. and Trienekens, H.W.J.M.},
    pages={363-377}
}

@PhdThesis{Trienekens:1990,
    title={Parallel Branch and Bound Algorithms},
    author={Harry W.J.M. Trienekens},
    school={Erasmus University Rotterdam},
    year={1990}
}

@article{McCreesh:2014.reorder,
    author={McCreesh, Ciaran and Prosser, Patrick},
    title = {Reducing the Branching in a Branch and Bound Algorithm for the Maximum Clique Problem},
    journal = {Accepted to {CP} 2014},
    year = 2014
}

@article{McCreesh:2014.labelled,
    author={McCreesh, Ciaran and Prosser, Patrick},
    title     = {A Parallel Branch and Bound Algorithm for the Maximum Labelled Clique Problem},
    journal   = {CoRR},
    volume    = {abs/1407.7061},
    year      = {2014},
    ee        = {http://arxiv.org/abs/1407.7061},
    bibsource = {DBLP, http://dblp.uni-trier.de}
}

@incollection{McCreesh:2014.biclique,
    year={2014},
    isbn={978-3-319-07045-2},
    booktitle={Integration of AI and OR Techniques in Constraint Programming},
    volume={8451},
    series={Lecture Notes in Computer Science},
    editor={Simonis, Helmut},
    doi={10.1007/978-3-319-07046-9_16},
    title={An Exact Branch and Bound Algorithm with Symmetry Breaking for the Maximum Balanced Induced Biclique Problem},
    url={http://dx.doi.org/10.1007/978-3-319-07046-9_16},
    publisher={Springer International Publishing},
    author={McCreesh, Ciaran and Prosser, Patrick},
    pages={226-234}
}

@inbook{Brockington:1996,
    title={Camouflaging independent sets in quasi-random graphs},
    author={Brockington, Mark and Culberson, Joseph C},
    journal={{DIMACS} series in discrete mathematics and theoretical computer science},
    volume={26},
    pages={75--88},
    year={1996}
}

@INPROCEEDINGS{Berman:1990,
    author={Berman, P. and Pelc, A.},
    booktitle={Fault-Tolerant Computing, 1990. FTCS-20. Digest of Papers., 20th International Symposium},
    title={Distributed probabilistic fault diagnosis for multiprocessor systems},
    year={1990},
    month={June},
    pages={340-346},
    keywords={distributed processing;fault tolerant computing;multiprocessing systems;distributed probabilistic fault diagnosis;fault-free central monitoring unit;multiprocessor systems;probability of correctness;Computer science;Contracts;Councils;Fault detection;Fault diagnosis;Hypercubes;Multiprocessing systems;Nose;System testing;Upper bound},
    doi={10.1109/FTCS.1990.89383},
}

